<collection xmlns="http://www.loc.gov/MARC21/slim">
<record>
  <leader>01248nam0a22002651i 450 </leader>
  <controlfield tag="001">IT\ICCU\CNCE\080219</controlfield>
  <controlfield tag="005">20200326000000.0</controlfield>
  <datafield tag="012" ind1=" " ind2=" ">
    <subfield code="a">i-io s-gi nts. &amp;sta (C) 1543 (Q)</subfield>
    <subfield code="2">fei</subfield>
  </datafield>
  <datafield tag="100" ind1=" " ind2=" ">
    <subfield code="a">20200322f1543        0itac0103    ba</subfield>
  </datafield>
  <datafield tag="101" ind1=" " ind2=" ">
    <subfield code="a">LAT</subfield>
  </datafield>
  <datafield tag="102" ind1=" " ind2=" ">
    <subfield code="a">IT</subfield>
  </datafield>
  <datafield tag="200" ind1="1" ind2=" ">
    <subfield code="a">Nouum insigneque opusculum pro Christi verbum euangelizantibus, vbi plures &amp; copiosi, &amp; aurei sermones continentur, de septem peccatis mortalibus ...</subfield>
  </datafield>
  <datafield tag="210" ind1=" " ind2=" ">
    <subfield code="d">\prima del 1543!</subfield>
    <subfield code="e">Venetijs</subfield>
    <subfield code="g">per Bernardinum Benalium venduntur in campo santi Angeli in domo ipsius impressoris</subfield>
  </datafield>
  <datafield tag="215" ind1=" " ind2=" ">
    <subfield code="a">\30! c.</subfield>
    <subfield code="d">8ʻ</subfield>
  </datafield>
  <datafield tag="300" ind1=" " ind2=" ">
    <subfield code="a">La data si ricava da quella di fine attivit ̉del tipografo</subfield>
  </datafield>
  <datafield tag="620" ind1=" " ind2=" ">
    <subfield code="a">IT</subfield>
    <subfield code="d">Venezia</subfield>
  </datafield>
  <datafield tag="700" ind1=" " ind2="1">
    <subfield code="a">Holkot,</subfield>
    <subfield code="b">Robert</subfield>
    <subfield code="3">IT\ICCU\CNCA\006518</subfield>
  </datafield>
  <datafield tag="712" ind1="0" ind2="0">
    <subfield code="a">Benali, Bernardino</subfield>
    <subfield code="3">IT\ICCU\CNCT\000212</subfield>
    <subfield code="4">650</subfield>
  </datafield>
  <datafield tag="790" ind1=" " ind2="1">
    <subfield code="a">Olchot,</subfield>
    <subfield code="b">Robertus</subfield>
    <subfield code="3">IT\ICCU\CNCA\006519</subfield>
    <subfield code="z">Holkot, Robert</subfield>
  </datafield>
  <datafield tag="790" ind1=" " ind2="1">
    <subfield code="a">Holcot,</subfield>
    <subfield code="b">Robert</subfield>
    <subfield code="3">IT\ICCU\CNCA\014399</subfield>
    <subfield code="z">Holkot, Robert</subfield>
  </datafield>
  <datafield tag="791" ind1="0" ind2="0">
    <subfield code="a">Benagli, Bernardino</subfield>
    <subfield code="3">IT\ICCU\CNCT\003632</subfield>
    <subfield code="z">Benali, Bernardino</subfield>
  </datafield>
  <datafield tag="791" ind1="0" ind2="0">
    <subfield code="a">Benalius, Bernardinus</subfield>
    <subfield code="3">IT\ICCU\CNCT\004326</subfield>
    <subfield code="z">Benali, Bernardino</subfield>
  </datafield>
  <datafield tag="791" ind1="0" ind2="0">
    <subfield code="a">Benaleis, Bernardinus de</subfield>
    <subfield code="3">IT\ICCU\CNCT\004327</subfield>
    <subfield code="z">Benali, Bernardino</subfield>
  </datafield>
  <datafield tag="801" ind1=" " ind2="3">
    <subfield code="a">IT</subfield>
    <subfield code="b">ICCU</subfield>
    <subfield code="c">20201115</subfield>
  </datafield>
  <datafield tag="899" ind1=" " ind2=" ">
    <subfield code="a">Biblioteca Vallicelliana. Roma</subfield>
    <subfield code="1">RM0281</subfield>
    <subfield code="2">RML 08</subfield>
  </datafield>
</record>
</collection>
